@misc{Data_science,
author = {DataScience-ProF},
title = {Understanding Log Loss: A Comprehensive Guide with Code Examples},
howpublished = {\url{https://medium.com/@TheDataScience-ProF/understanding-log-loss-a-comprehensive-guide-with-code-examples-c79cf5411426}},
note = {Accessed: 28/10/2024},
year = {2024}
}

@article{pedregosa2011scikit,
  title={Scikit-learn: Machine learning in Python},
  author={Pedregosa, Fabian and Varoquaux, Ga{\"e}l and Gramfort, Alexandre and Michel, Vincent and Thirion, Bertrand and Grisel, Olivier and Blondel, Mathieu and Prettenhofer, Peter and Weiss, Ron and Dubourg, Vincent and others},
  journal={Journal of machine learning research},
  volume={12},
  number={Oct},
  year={2011}
}

@misc{AsiRah,
author = {Asifur Rahman},
title = {Logistic Regression is nothing but Linear Regression with a Non-Linear Activation Function},
howpublished = {\url{https://medium.com/@asifurrahmanaust/lesson-4-logistic-regression-is-nothing-but-linear-regression-with-non-linear-activation-function-464b91a7a077}},
note = {Accessed: 28/10/2024},
year = {2023}
}

@misc{HeInitialization,
author = {GeekforGeeks},
title = {Kaiming Initialization in Deep Learning},
howpublished = {\url{https://www.geeksforgeeks.org/kaiming-initialization-in-deep-learning/}},
note = {Accessed: 29/10/2024},
year = {2023}
}

@misc{LearningSchdule,
author = {AI Maverick},
title = {Schedule learning rate in deep-learning},
howpublished = {\url{https://samanemami.medium.com/schedule-learning-rate-in-deep-learning-bf4875f4f90f}},
note = {Accessed: 28/10/2024},
year = {2023}
}


@misc{charotamine2024,
author = {Amine Charot},
title = {TensorFlow Neural Network Regression: Predicting Real Estate Prices},
year = {2024},
url = {https://charotamine.medium.com/tensorflow-neural-network-regression-predicting-real-estate-prices-25a02976736d},
note = {Accessed: 2024-11-04}
}

@misc{uke39,
author = {Morten-Hjorth Jensen},
title = {Week 39: Optimization and Gradient Methods},
year = {2024},
howpublished ={https://github.com/CompPhysics/MachineLearning/blob/master/doc/LectureNotes/week39.ipynb},
note = {Accessed: 2024-11-04}
}

@misc{neuralnetworks_MH,
author = {Morten-Hjroth Jensen},
title = {Data Analysis and Machine Learning: Neural networks, from the simple perceptron to deep learning},
year = {2019},
howpublished = {https://github.com/CompPhysics/MachineLearning/blob/master/doc/pub/NeuralNet/ipynb/NeuralNet.ipynb},
note = {Accessed: 2024-11-04}
}

@misc{wikipedia_logistic_regression,
author = {{Wikipedia contributors}},
title = {Logistic regression},
year = {2024},
howpublished = {https://en.wikipedia.org/wiki/Logistic_regression},
note = {Accessed: 2024-11-04}
}

@misc{uke38,
author = {Week 38: Logistic Regression and Optimization},
title = {Morten-Hjorth Jensen},
year = {2024},
howpublished = {https://github.com/CompPhysics/MachineLearning/blob/master/doc/LectureNotes/week38.ipynb},
note = {Accessed: 2024-11-04}
}

@misc{logloss,
author = {Igal Leikin},
title = {Understanding Binary Cross-Entropy and   Log Loss for Effective Model Monitoring},
year = {2024},
howpublished = {\url{https://www.aporia.com/learn/understanding-binary-cross-entropy-and-log-loss-for-effective-model-monitoring/}},
note = {Accessed: 2024-11-04}
}

@misc{ibm_gradient_descent,
author = {{IBM}},
title = {Gradient Descent},
howpublished = {https://www.ibm.com/topics/gradient-descent},
note = {Accessed: 2024-11-04}
}

@misc{soni_adagrad_2023,
author = {Soni, Brijesh},
title = {Understanding the Adagrad Optimization Algorithm: An Adaptive Learning Rate Approach},
year = {2023},
howpublished = {\url{https://medium.com/@brijesh_soni/understanding-the-adagrad-optimization-algorithm-an-adaptive-learning-rate-approach-9dfaae2077bb}},
note = {Accessed: 2024-11-04}
}

@online{ibm_linear_regression,
author = {{IBM}},
title = { What is Linear Regression?},
url = {https://www.ibm.com/topics/linear-regression},
}

@misc{breast,
author = {{Wolberg, William, Mangasarian, Olvi, Street, Nick, and Street, W.}},
title = {Breast Cancer Wisconsin (Diagnostic)},
year = {1993},
howpublished = {UCI Machine Learning Repository},
}

